@misc{pareto,
    title={The Pareto Principle},
    url={https://www.interaction-design.org/literature/topics/pareto-principle},
    publisher={Interaction Design Foundation},
    year={2025},
    month={Mar}
}