
@phdthesis{hamdand-2011,
    author = {Daniyal, Hamdan},
    year = {2011},
    month = {05},
    title = {Investigation of digital current control based on zero average current error concept}
}